@book{Saussure1959,
	author = {Ferdinand de Saussure},
	title = {Course in general linguistics},
	publisher = {Philosophical Library},
	year = {1959},
	address = {New York}
}

@book{JakobsonEtAl1952,
	author= {R. Jakobson and C. Gunnar and M. Fant and M. Halle},
	title = {Preliminaries to speech analysis: The distinctive features and their correlates},
	publisher = {MIT Press},
	address = {Cambridge, MA},
	year = {1952}
}

@book{ChomskyHalle1968,
	author = {N. Chomsky and M. Halle},
	title = {The sound pattern of {E}nglish},
	address = {New York},
	publisher = {Harper \& Row},
	year = {1968}
}

@book{Mielke2008,
	author = {J. Mielke},
	title = {The emergence of distinctive features},
	address = {Oxford},
	publisher = {Oxford University Press},
	year = {2008}
}

@article{ArchangeliPulleyblank2015,
	author = {D. Archangeli and D. Pulleyblank},
	title = {Phonology without universal grammar},
	journal = {Frontiers in Psychology},
	volume = {6},
	pages = {1229},
	year = {2015}
}

@book{Blevins2004,
	author = {J. Blevins},
	title = {Evolutionary phonology: {T}he emergence of sound patterns},
	publisher = {Cambridge University Press},
	address = {Cambridge},
	year = {2004}
}

@book{MacWhinneyOGrady2015,
	editor = {B. MacWhinney and W. O'Grady},
	title = {The handbook of language emergence},
	publisher = {John Wiley \& Sons},
	address = {Chichester},
	year = {2015}
}

@article{GoldsmithXanthos2009,
	author = {J. Goldsmith and A. Xanthos},
	title = {Learning phonological categories},
	journal = {Language},
	volume = {85},
	issue = {1},
	year = {2009},
	pages = {4-38}	
}

@article{PeperkampEtAl2006,
	author = {S. Peperkamp and Rozenn Le Calvez and J.P. Nadal and E. Dupoux},
	title = {The acquisition of allophonic rules: Statistical learning with linguistic constraints},
	journal = {Cognition},
	volume = {101},
	year = {2006},
	pages = {B31-B41}	
}

@article{Mielke2012,
	author = {J. Mielke},
	title = {A phonetically-based metric of sound similarity},
	year = {2012},
	journal = {Lingua},
	volume = {1222},
	pages = {145-163}	
}

@article{HayesWilson2008,
	author = {B. Hayes and C. Wilson},
	title = {A maximum entropy model of phonotactics and phonotactic learning},
	year = {2008},
	journal = {Linguistic Inquiry},
	volume = {39},
	number = {3},
	pages = {379 - 440}	
}

@article{MayerSubmitted,
	author = {C. Mayer},
	title = {An algorithm for learning phonological classes from distributional similarity},
	year = {submitted}
}

@article{Vennemann1974,
	author = {Theo Vennemann},
	title = {Sanskrit \textit{ruki} and the concept of a natural class},
	journal = {Linguistics},
	volume = {130},
	pages = {91-97},
	year = {1974}
}

@masterthesis{Longerich1998,
	title = {Acoustic conditioning for the {RUKI} rule},
	author = {Linda Longerich},
	school = {Memorial University of Newfoundland},
	year = {1998}
}

@incollection{Kiparsky1973,
    author = {Paul Kiparsky},
    title = {Phonological representations},
    booktitle = {Three dimensions of linguistic theory},
    year = {1973},
    editor = {Osamu Fujimura},
    address = {Tokyo},
    publisher = {TEC Co},
    pages = {1-136}
}

@article{Clements1985,
	author = {George N. Clements},
	title = {The geometry of phonological features},
	year = {1985},
	journal = {Phonology Yearbook},
	volume = {2},
	pages = {225-252}
}

@article{Calderone2009,
	author = {B. Calderone},
	title = {Learning phonological categories by independent component analysis},
	journal = {Journal of Quantitative Linguistics},
	volume = {16},
	issue = {2},
	year = {2009}	
}

@mastersthesis{Mayer2018,
	author = {Connor Mayer},
	title = {An algorithm for learning phonological classes from distributional similarity},
	year = {2018},
	school = {University of California, Los Angeles}
}

@inbook{Steriade1995,
	author = {Donca Steriade},
	title = {Markedness and Underspecification},
	year = {1995},
	booktitle = {The Handbook of Phonological Theory},
	editor = {John Goldsmith},
	pages = {114-175},
	address = {Oxford/Cambridge, MA},
	publisher = {Blackwell}
}

@book{Carlton1991,
	author = {Terence R. Carlton},
	year = {1991},
	title = {Introduction to the phonological history of the {S}lavic languages},
	publisher = {Slavica Publishers},
	address = {Bloomington, Indiana}
}

@misc{Kaisse2002,
	author = {Ellen M. Kaisse},
	title = {Laterals are [-continuant]},
	year = {2002},
	howpublished = {MS, University of Washington}
}

@article{Dijkstra1959,
	author = {Edsger W. Dijkstra},
	title = {A note on two problems in connexion with graphs},
	year = {1959},
	journal = {Numerische Mathematik},
	volume = {1},
	pages = {269-271}
}

@article{Clements2003,
	author = {George N. Clements},
	title = {Feature economy in sound systems},
	year = {2003},
	journal = {Phonology},
	volume = {20},
	pages = {287-333}
}

@incollection{Trigo1993,
	author = {Rosario Lorenza Trigo},
	title = {The inherent structure of nasal segments},
	editor = {M. Huffman and R. Krakow},
	year = {1993},
	booktitle = {Nasality},
	address = {San Diego},
	publisher = {Academic Press}
}

@phdthesis{Parker2002,
	author = {Stephen G. Parker},
	title = {Quantifying the Sonority Hierarchy},
	school = {University of Massachusetts Amherst},
	year = {2002}
}

@article{Archangeli1988,
	author = {Diana Archangeli},
	title = {Aspects of Underspecification Theory},
	year = {1988},
	journal = {Phonology},
	volume = {5},
	issue = {2},
	pages = {183-207}
}

@incollection{Dresher2003,
	author = {Elan Dresher},
	title = {The contrastive hierarchy in phonology},
	year = {2003},
	editor = {Daniel Currie Hall},
	booktitle = {Toronto Working Papers in Linguistics 20: Special issue on contrast in phonology},
	publisher = {University of Toronto}
}

@phdthesis{Lin2005,
	author = {Ying Lin},
	year = {2005},
	title = {Learning Features and Segments from Waveforms: A Statistical Model of Early Phonological Acquisiton},
	school = {UCLA}
}

@phdthesis{Broe1993,
	author = {Michael Broe},
	title = {Specification Theory: The Treatment of Redundancy in Generative Phonology},
	year = {1993},
	school = {University of Edinburgh}
}